% This file was created with JabRef 2.10.
% Encoding: UTF8




@Standard{Barth2011,
  Title                    = {RFC6265 - HTTP State Management Mechanism},
  Institution              = {U.C. Berkeley},
  Organization             = {Internet Engineering Task Force},
  Author                   = {Barth, Adam},
  Url                      = {http://tools.ietf.org/html/rfc6265},
  Year                     = {2011},

  Owner                    = {Patrick},
  Timestamp                = {2014.08.01}
}

@Book{Crockford2008,
  Title                    = {JavaScript: The Good Parts},
  Author                   = {Douglas Crockford},
  Publisher                = {O'reilly},
  Year                     = {2008},

  Owner                    = {D056999},
  Timestamp                = {2013.08.29}
}

@Misc{ECMA2011,
  Title                    = {ECMAScript Language Specification},

  Author                   = {ECMA},
  Month                    = {June},
  Note                     = {\newline \url{http://www.ecma-international.org/publications/files/ECMA-ST/Ecma-262.pdf}},
  Year                     = {2011},

  Owner                    = {D056999},
  Timestamp                = {2013.09.17},
  Url                      = {http://www.ecma-international.org/publications/files/ECMA-ST/Ecma-262.pdf}
}

@Misc{OWASP2013,
  Title                    = {OWASP Top Ten Project},

  Author                   = {OWASP},
  Month                    = {June},
  Note                     = {\newline \url{https://www.owasp.org/index.php/Category:OWASP_Top_Ten_Project}},
  Year                     = {2013},

  Owner                    = {D056999},
  Timestamp                = {2013.09.08},
  Url                      = {https://www.owasp.org/index.php/Category:OWASP_Top_Ten_Project}
}

@Book{Zalewski2011,
  Title                    = {The Tangled Web: A Guide to Securing Modern Web Applications},
  Author                   = {Zalewski, Michal},
  Publisher                = {No Starch Press},
  Year                     = {2011},

  Address                  = {San Francisco, CA, USA},
  Edition                  = {1st},

  ISBN                     = {1593273886, 9781593273880},
  Owner                    = {Patrick},
  Timestamp                = {2014.08.01}
}

@article{RON2015,
  title={No SQL, No Injection? Examining NoSQL Security},
  author={Ron, Aviv and Shulman-Peleg, Alexandra and Bronshtein, Emanuel},
  journal={arXiv preprint arXiv:1506.04082},
  year={2015}
}



